@article{sampleArticle,
    author    = "Davy Jones",
    title     = "Dunno",
    journal   = "American Dad",
    year      = "2010",
}
@book{programmingruby,
    author    = "Dave Thomas",
    title     = "Programming Ruby 1.9: The Pragmatic Programmers' Guide (Facets of Ruby)",
    publisher = "The Pragmatic Bookshelf",
    year      = "2009",
}
@conference{advancedMultithreading,
    author    = "Jerry D'Antonio",
    title     = "Advanced Multithreading in Ruby",
    year      = "2013",
    howpublished = "\url{http://cascadiaruby.com/#advanced-multithreading-in-ruby}",
    month    = "10",
    publisher= "Cascadia Ruby",
}
@misc{tenderlove,
    author    = "Aaron Patterson",
    title     = "Is it live?",
    howpublished = "\url{http://tenderlovemaking.com/2012/07/30/is-it-live.html}",
    year     = "2013",
}
@misc{browserStats,
    author = "w3schools",
    title  = "Browser Statistics and Trends",
    howpublished = "\url{http://www.w3schools.com/browsers/browsers_stats.asp}",
}
@misc{twelveBenefitsOfUnitTests,
    author = "Tim King",
    title = "Twelve Benefits of Writing Unit Tests First",
    howpublished = "\url{http://sd.jtimothyking.com/2006/07/11/twelve-benefits-of-writing-unit-tests-first}",
    year = "2006",
}
